@InProceedings{sedano2019product,
  author       = {Sedano, Todd and Ralph, Paul and P{\'e}raire, C{\'e}cile},
  booktitle    = {2019 IEEE/ACM 41st International Conference on Software Engineering (ICSE)},
  title        = {\href{https://www.academia.edu/download/79429026/download.pdf}{The product backlog}},
  year         = {2019},
  organization = {IEEE},
  pages        = {200--211},
  groups       = {Section_2_Backlog},
}

@Article{mosser2022modelling,
  author  = {Mosser, S{\'e}bastien and Pulgar, Corinne and Reinharz, Vladimir},
  journal = {Journal of Object Technology (JOT)},
  title   = {\href{https://archipel.uqam.ca/15421/1/ECMFA_2022_paper_3.pdf}{Modelling Agile Backlogs as Composable Artifacts to support Developers and Product Owners}},
  year    = {2022},
  groups  = {Section_2_Backlog},
}

@Article{raharjana2021user,
  author    = {Raharjana, Indra Kharisma and Siahaan, Daniel and Fatichah, Chastine},
  journal   = {IEEE access},
  title     = {\href{https://ieeexplore.ieee.org/iel7/6287639/9312710/09393933.pdf}{User stories and natural language processing: A systematic literature review}},
  year      = {2021},
  pages     = {53811--53826},
  volume    = {9},
  groups    = {Section_2_Backlog},
  publisher = {IEEE},
}

@Book{wynne2017cucumber,
  author    = {Wynne, Matt and Hellesoy, Aslak and Tooke, Steve},
  publisher = {Pragmatic Bookshelf},
  title     = {The cucumber book: behaviour-driven development for testers and developers},
  year      = {2017},
  groups    = {Section_2_Backlog},
}

@Article{wautelet2017user,
  author = {Wautelet, Yves and Heng, Samedi and Kiv, Soreangsey and Kolp, Manuel},
  title  = {\href{https://dial.uclouvain.be/pr/boreal/object/boreal%3A195676/datastream/PDF_01/view}{User-story driven development of multi-agent systems: A process fragment for agile methods}},
  year   = {2017},
  groups = {Section_2_Backlog},
}

@InProceedings{buglione2013improving,
  author       = {Buglione, Luigi and Abran, Alain},
  booktitle    = {2013 Joint Conference of the 23rd International Workshop on Software Measurement and the 8th International Conference on Software Process and Product Measurement},
  title        = {\href{https://www.computer.org/csdl/pds/api/csdl/proceedings/download-article/12OmNyGbIcd/pdf?casa_token=q6czvG_u_PMAAAAA:02vTDpc5sqt0Tq1ARKeVaqqP-2rcr1Or8Kr-UDcWkfN5VYNl_fkmrISjbxeLKmhpxIg93tY31qzR}{Improving the user story agile technique using the invest criteria}},
  year         = {2013},
  organization = {IEEE},
  pages        = {49--53},
  groups       = {Section_3 US_Quality},
}

@Book{cohn2004user,
  author    = {Cohn, Mike},
  publisher = {Addison-Wesley Professional},
  title     = {\href{https://www.mountaingoatsoftware.com/uploads/presentations/User-Stories-Applied-Agile-Software-Development-XP-Atlanta-2004.pdf}{User stories applied: For agile software development}},
  year      = {2004},
  groups    = {Section_2_Backlog},
}

@Article{heck2010software,
  author    = {Heck, Petra and Klabbers, Martijn and van Eekelen, Marko},
  journal   = {Software Quality Journal},
  title     = {\href{https://www.academia.edu/download/47970865/Metis228266.pdf}{A software product certification model}},
  year      = {2010},
  pages     = {37--55},
  volume    = {18},
  groups    = {Section_3 US_Quality},
  publisher = {Springer},
}

@Article{heck2014quality,
  author  = {Heck, Petra and Zaidman, Andy},
  journal = {arXiv preprint arXiv:1406.4692},
  title   = {\href{https://arxiv.org/pdf/1406.4692}{A quality framework for agile requirements: a practitioner's perspective}},
  year    = {2014},
  groups  = {Section_3 US_Quality},
}

@Article{lucassen2016improving,
  author    = {Lucassen, Garm and Dalpiaz, Fabiano and van der Werf, Jan Martijn EM and Brinkkemper, Sjaak},
  journal   = {Requirements engineering},
  title     = {\href{https://webspace.science.uu.nl/~dalpi001/papers/luca-dalp-werf-brin-16-rej.pdf}{Improving agile requirements: the quality user story framework and tool}},
  year      = {2016},
  pages     = {383--403},
  volume    = {21},
  groups    = {Section_3 US_Quality},
  publisher = {Springer},
}

@InProceedings{wautelet2014unifying,
  author       = {Wautelet, Yves and Heng, Samedi and Kolp, Manuel and Mirbel, Isabelle},
  booktitle    = {Advanced Information Systems Engineering: 26th International Conference, CAiSE 2014, Thessaloniki, Greece, June 16-20, 2014. Proceedings 26},
  title        = {\href{https://www.researchgate.net/profile/Yves-Wautelet/publication/280804699_Unifying_and_Extending_User_Story_Models/links/55c791ba08aebc967df879d7/Unifying-and-Extending-User-Story-Models.pdf}{Unifying and extending user story models}},
  year         = {2014},
  organization = {Springer},
  pages        = {211--225},
  groups       = {Section_2_Backlog},
}

@Article{lindland1994understanding,
  author    = {Lindland, Odd Ivar and Sindre, Guttorm and Solvberg, Arne},
  journal   = {IEEE software},
  title     = {\href{https://www.researchgate.net/profile/Guttorm-Sindre/publication/3246958_Understanding_Quality_in_Conceptual_Modeling_IEEE_Software_11242-49/links/0a85e52e0eb10a9f1b000000/Understanding-Quality-in-Conceptual-Modeling-IEEE-Software-11242-49.pdf}{Understanding quality in conceptual modeling}},
  year      = {1994},
  number    = {2},
  pages     = {42--49},
  volume    = {11},
  groups    = {Section_3 US_Quality},
  publisher = {IEEE},
}

@InProceedings{liskin2014we,
  author       = {Liskin, Olga and Pham, Raphael and Kiesling, Stephan and Schneider, Kurt},
  booktitle    = {Agile Processes in Software Engineering and Extreme Programming: 15th International Conference, XP 2014, Rome, Italy, May 26-30, 2014. Proceedings 15},
  title        = {\href{https://citeseerx.ist.psu.edu/document?repid=rep1&type=pdf&doi=cdef090b2255cd41d992c96ee98f4a40334787f2}{Why we need a granularity concept for user stories}},
  year         = {2014},
  organization = {Springer},
  pages        = {110--125},
  groups       = {Section_3 US_Quality},
}

@Article{zave1997four,
  author    = {Zave, Pamela and Jackson, Michael},
  journal   = {ACM transactions on Software Engineering and Methodology (TOSEM)},
  title     = {\href{https://dl.acm.org/doi/pdf/10.1145/237432.237434}{Four dark corners of requirements engineering}},
  year      = {1997},
  number    = {1},
  pages     = {1--30},
  volume    = {6},
  groups    = {Section_3 US_Quality},
  publisher = {ACM New York, NY, USA},
}

@InCollection{berry2004ambiguity,
  author    = {Berry, Daniel M and Kamsties, Erik},
  booktitle = {Perspectives on software requirements},
  publisher = {Springer},
  title     = {Ambiguity in requirements specification},
  pages     = {7--44},
  groups    = {Section_3 US_Quality},
}

@Article{doe2011recommended,
  author  = {Doe, John},
  journal = {IEEE, New York},
  title   = {\href{https://midori-global.com/downloads/jpdf/jira-software-requirement-specification.pdf}{Recommended practice for software requirements specifications (ieee)}},
  year    = {2011},
  groups  = {Section_3 US_Quality},
}

@InProceedings{glinz2000improving,
  author    = {Glinz, Martin},
  booktitle = {Proceedings of the second world congress on software quality},
  title     = {\href{https://files.ifi.uzh.ch/rerg/amadeus/publications/papers/2WCSQ.pdf}{Improving the quality of requirements with scenarios}},
  year      = {2000},
  pages     = {55--60},
  volume    = {9},
  groups    = {Section_3 US_Quality},
}

@InProceedings{lombriser2016gamified,
  author       = {Lombriser, Philipp and Dalpiaz, Fabiano and Lucassen, Garm and Brinkkemper, Sjaak},
  booktitle    = {Requirements Engineering: Foundation for Software Quality: 22nd International Working Conference, REFSQ 2016, Gothenburg, Sweden, March 14-17, 2016, Proceedings 22},
  title        = {\href{https://www.researchgate.net/profile/Fabiano-Dalpiaz/publication/315528512_Gamified_Requirements_Engineering_Model_and_Experimentation/links/5b616353a6fdccf0b204cfb7/Gamified-Requirements-Engineering-Model-and-Experimentation.pdf}{Gamified requirements engineering: model and experimentation}},
  year         = {2016},
  organization = {Springer},
  pages        = {171--187},
  groups       = {Section_3 US_Quality},
}

@Misc{Robeer2016,
  author = {Marcel Robeer and Garm Lucassen and Jan Martijn E. M. van der Werf and Fabiano Dalpiaz and Sjaak Brinkkemper},
  title  = {\href{https://www.researchgate.net/profile/Fabiano-Dalpiaz/publication/311461770_Automated_Extraction_of_Conceptual_Models_from_User_Stories_via_NLP/links/5bed427f4585150b2bb7a602/Automated-Extraction-of-Conceptual-Models-from-User-Stories-via-NLP.pdf}{Automated Extraction of Conceptual Models from User Stories via NLP}},
  year   = {2016},
  doi    = {10.1109/re.2016.40},
  groups = {Section_4 Extracting Domain Models form Textual Requirements},
}

@Misc{Lucassen2015,
  author = {Garm Lucassen and Fabiano Dalpiaz and Jan Martijn E. M. van der Werf and Sjaak Brinkkemper},
  title  = {\href{https://citeseerx.ist.psu.edu/document?repid=rep1&type=pdf&doi=49811f59528176c5d4f81428a52099ab90d6795f}{Forging high-quality User Stories: Towards a discipline for Agile Requirements}},
  year   = {2015},
  doi    = {10.1109/re.2015.7320415},
  groups = {Section_4 Extracting Domain Models form Textual Requirements},
}

@Misc{Wautelet2014,
  author = {Yves Wautelet and Samedi Heng and Manuel Kolp and Isabelle Mirbel},
  title  = {\href{https://www.researchgate.net/profile/Yves-Wautelet/publication/280804699_Unifying_and_Extending_User_Story_Models/links/55c791ba08aebc967df879d7/Unifying-and-Extending-User-Story-Models.pdf}{Unifying and Extending User Story Models}},
  year   = {2014},
  doi    = {10.1007/978-3-319-07881-6_15},
  groups = {Section_4 Extracting Domain Models form Textual Requirements},
  issn   = {0302-9743},
  pages  = {211-225},
}

@Article{Greer2004,
  author = {D. Greer and G. Ruhe},
  title  = {\href{https://core.ac.uk/download/pdf/10045912.pdf}{Software release planning: an evolutionary and iterative approach}},
  year   = {2004},
  issn   = {0950-5849},
  pages  = {243-253},
  volume = {46},
  doi    = {10.1016/j.infsof.2003.07.002},
  groups = {Section_4 Extracting Domain Models form Textual Requirements},
}

@Article{Dalpiaz2018,
  author = {Fabiano Dalpiaz and Alessio Ferrari and Xavier Franch and Cristina Palomares},
  title  = {\href{https://upcommons.upc.edu/bitstream/handle/2117/124301/ieee%20column%20for%20NLP4RE.pdf?sequence=1}{Natural Language Processing for Requirements Engineering: The Best Is Yet to Come}},
  year   = {2018},
  issn   = {0740-7459},
  pages  = {115-119},
  volume = {35},
  doi    = {10.1109/ms.2018.3571242},
  groups = {Section_4 Extracting Domain Models form Textual Requirements},
}

@InProceedings{Lafferty2001,
  author    = {John D. Lafferty and Andrew McCallum and Fernando C. N. Pereira},
  booktitle = {Proceedings of the Eighteenth International Conference on Machine Learning {(ICML} 2001), Williams College, Williamstown, MA, USA, June 28 - July 1, 2001},
  title     = {\href{https://pdfs.semanticscholar.org/1c14/7e975728131e23b4b99b7f76f40e0859ccb2.pdf}{Conditional Random Fields: Probabilistic Models for Segmenting and Labeling Sequence Data}},
  year      = {2001},
  editor    = {Carla E. Brodley and Andrea Pohoreckyj Danyluk},
  pages     = {282--289},
  publisher = {Morgan Kaufmann},
  bibsource = {dblp computer science bibliography, https://dblp.org},
  biburl    = {https://dblp.org/rec/conf/icml/LaffertyMP01.bib},
  groups    = {Section_4 Extracting Domain Models form Textual Requirements},
}

@InProceedings{arulmohan2023extracting,
  author       = {Arulmohan, Sathurshan and Meurs, Marie-Jean and Mosser, S{\'e}bastien},
  title        = {\href{https://macsphere.mcmaster.ca/bitstream/11375/28836/1/mdeintelligence_submitted.pdf}{Extracting Domain Models from Textual Requirements in the Era of Large Language Models}},
  year         = {2023},
  organization = {MDEIntelligence (co-located with ACM/IEEE 26th International Conference on~…},
  groups       = {Section_4 Extracting Domain Models form Textual Requirements},
}
